<?xml version="1.0" encoding="UTF-8"?><collection xmlns="http://www.loc.gov/MARC21/slim"><record><leader>00647nam--2200193-i-4500</leader><controlfield tag="001">000048212</controlfield><controlfield tag="002">20161230</controlfield><controlfield tag="005">20161230201046</controlfield><controlfield tag="008">060222s1000------------r-----000-0-eng-d</controlfield><datafield ind1=" " ind2=" " tag="020"><subfield code="a">9971505851</subfield></datafield><datafield ind1=" " ind2=" " tag="040"><subfield code="a">IFIN-HH</subfield></datafield><datafield ind1=" " ind2=" " tag="080"><subfield code="a">539.1.074/.076(061.3)</subfield></datafield><datafield ind1="1" ind2=" " tag="100"><subfield code="a">Fabjan, C.W</subfield></datafield><datafield ind1="1" ind2="0" tag="245"><subfield code="a">Instrumentation in elementary particle physics</subfield><subfield code="b">Proceedings of the icfa school on instrumentation in elementary particle physics, trieste, italy, june 1987</subfield><subfield code="c">C.w. fabjan, j.e. pilcher (eds.)</subfield></datafield><datafield ind1=" " ind2=" " tag="260"><subfield code="a">Singapore</subfield><subfield code="b">World Scientific</subfield><subfield code="c">1988</subfield></datafield><datafield ind1=" " ind2=" " tag="300"><subfield code="a">VI+532P</subfield></datafield><datafield ind1="1" ind2=" " tag="700"><subfield code="a">Pilcher, J.E</subfield><subfield code="e">Ed</subfield></datafield><datafield ind1=" " ind2=" " tag="852"><subfield code="a">79504</subfield><subfield code="c">539.12</subfield></datafield><datafield ind1=" " ind2=" " tag="CAT"><subfield code="a">Sys</subfield><subfield code="c">20120201</subfield><subfield code="h">092810</subfield></datafield></record></collection>